<collection>
<record>
<leader>03479cpcaa22005417a 4500</leader>
<controlfield tag="001">12614787</controlfield>
<controlfield tag="005">20230808143936.0</controlfield>
<controlfield tag="008">011207i18431956dcu eng </controlfield>
<datafield ind1=" " ind2=" " tag="906">
<subfield code="a">7</subfield>
<subfield code="b">cbc</subfield>
<subfield code="c">orignew</subfield>
<subfield code="d">u</subfield>
<subfield code="e">ncip</subfield>
<subfield code="f">20</subfield>
<subfield code="g">y-folklife</subfield>
</datafield>
<datafield ind1=" " ind2=" " tag="955">
<subfield code="a">
kblu 2001-12-07; cker 2003-02-13; mkru 2004-07-07; mkru 2004-11-26; mkru 2005-02-01; mkru 2016-01-20
</subfield>
<subfield code="a">fcundiff 2023-08-08</subfield>
</datafield>
<datafield ind1=" " ind2=" " tag="010">
<subfield code="a"> 2003682275</subfield>
</datafield>
<datafield ind1=" " ind2=" " tag="040">
<subfield code="a">DLC</subfield>
<subfield code="c">DLC</subfield>
<subfield code="e">appm</subfield>
<subfield code="d">DLC</subfield>
</datafield>
<datafield ind1="0" ind2=" " tag="041">
<subfield code="a">eng</subfield>
<subfield code="a">ger</subfield>
</datafield>
<datafield ind1=" " ind2=" " tag="043">
<subfield code="a">n-us-ia</subfield>
<subfield code="a">n-usc--</subfield>
<subfield code="a">n-us-ny</subfield>
</datafield>
<datafield ind1=" " ind2=" " tag="090">
<subfield code="a">AFC 1955/001</subfield>
</datafield>
<datafield ind1="0" ind2="0" tag="245">
<subfield code="a">Duncan Emrich autograph album collection,</subfield>
<subfield code="f">1843-1956</subfield>
<subfield code="g">(bulk 1843-1923) /</subfield>
<subfield code="c">collected by Duncan Emrich.</subfield>
</datafield>
<datafield ind1=" " ind2=" " tag="300">
<subfield code="3">whole collection</subfield>
<subfield code="a">approximately 25</subfield>
<subfield code="f">items</subfield>
</datafield>
<datafield ind1=" " ind2=" " tag="300">
<subfield code="3">graphic materials</subfield>
<subfield code="a">20 autograph album</subfield>
<subfield code="f">volumes</subfield>
</datafield>
<datafield ind1=" " ind2=" " tag="300">
<subfield code="3">manuscripts</subfield>
<subfield code="a">1 folder</subfield>
</datafield>
<datafield ind1=" " ind2=" " tag="351">
<subfield code="a">
Organized into the following series: I. Administrative materials; II. Donations of Mrs. Craig; III. Donations of Mrs. Dye; IV. Individual donations.
</subfield>
</datafield>
<datafield ind1=" " ind2=" " tag="500">
<subfield code="a">
Correspondence includes one letter from Neva Ruth Dye (Mrs. L. M. Dye) of Independence, Iowa, dated May 9, 1956, and one letter from Mrs. Grace Danforth of Charleston, Missouri, dated March 27, 1955; other donors include Mrs. Orville B. Craig.
</subfield>
</datafield>
<datafield ind1=" " ind2=" " tag="520">
<subfield code="a">
This collection was initiated through an on-air request for autograph albums on the "NBC Weekend" radio program by Duncan Emrich, then head of the Archive of Folk Song, Library of Congress, between 1955 and 1956. It consists of twenty autograph albums and related ephemera. Eight of the albums are from Independence, Iowa; others are from Illinois, Indiana, Michigan, Missouri, and New York, with dates from 1843 to 1923. Some albums include photographs, drawings, and calligraphy.
</subfield>
</datafield>
<datafield ind1="8" ind2=" " tag="524">
<subfield code="a">
Duncan Emrich Autograph Album collection (AFC 1955/001), Archive of Folk Culture, American Folklife Center, Library of Congress, Washington, D.C.
</subfield>
</datafield>
<datafield ind1="1" ind2=" " tag="506">
<subfield code="a">
The collection is open for research. Access restrictions apply; some or all content stored offsite. To request materials, please contact the Folklife Reading Room at
</subfield>
<subfield code="u">http://hdl.loc.gov/loc.afc/folklife.contact</subfield>
</datafield>
<datafield ind1=" " ind2=" " tag="540">
<subfield code="a">
Duplication of the collection materials may be governed by copyright and other restrictions.
</subfield>
</datafield>
<datafield ind1=" " ind2=" " tag="541">
<subfield code="a">Mrs. Orville B. Craig;</subfield>
<subfield code="c">Donation;</subfield>
<subfield code="d">1955.</subfield>
</datafield>
<datafield ind1=" " ind2=" " tag="546">
<subfield code="3">Autograph books:</subfield>
<subfield code="a">in English and German with inscriptions in Greek.</subfield>
</datafield>
<datafield ind1="0" ind2=" " tag="555">
<subfield code="a">
Finding aid is available in the Folklife Reading Room and online
</subfield>
<subfield code="u">http://hdl.loc.gov/loc.afc/eadafc.af998001</subfield>
</datafield>
<datafield ind1=" " ind2="0" tag="650">
<subfield code="a">Autograph albums</subfield>
<subfield code="z">United States.</subfield>
</datafield>
<datafield ind1=" " ind2="0" tag="650">
<subfield code="a">Autograph verse.</subfield>
</datafield>
<datafield ind1=" " ind2="0" tag="650">
<subfield code="a">American poetry</subfield>
<subfield code="y">19th century.</subfield>
</datafield>
<datafield ind1=" " ind2="0" tag="650">
<subfield code="a">American poetry</subfield>
<subfield code="y">20th century.</subfield>
</datafield>
<datafield ind1=" " ind2="0" tag="650">
<subfield code="a">German Americans</subfield>
<subfield code="z">Iowa</subfield>
<subfield code="z">Independence</subfield>
<subfield code="x">Social life and customs.</subfield>
</datafield>
<datafield ind1=" " ind2="0" tag="650">
<subfield code="a">British Americans</subfield>
<subfield code="z">Iowa</subfield>
<subfield code="z">Independence</subfield>
<subfield code="x">Social life and customs.</subfield>
</datafield>
<datafield ind1=" " ind2="0" tag="651">
<subfield code="a">Independence (Iowa)</subfield>
<subfield code="x">Social life and customs.</subfield>
</datafield>
<datafield ind1=" " ind2="0" tag="650">
<subfield code="a">Autograph albums</subfield>
<subfield code="z">Iowa.</subfield>
</datafield>
<datafield ind1=" " ind2="0" tag="650">
<subfield code="a">Autograph albums</subfield>
<subfield code="z">Middle West.</subfield>
</datafield>
<datafield ind1=" " ind2="0" tag="650">
<subfield code="a">Autograph albums</subfield>
<subfield code="z">New York (State)</subfield>
</datafield>
<datafield ind1=" " ind2="0" tag="655">
<subfield code="a">Autograph albums.</subfield>
</datafield>
<datafield ind1=" " ind2="7" tag="655">
<subfield code="a">Drawings.</subfield>
<subfield code="2">aat</subfield>
</datafield>
<datafield ind1=" " ind2="7" tag="655">
<subfield code="a">Poems.</subfield>
<subfield code="2">aat</subfield>
</datafield>
<datafield ind1=" " ind2="7" tag="655">
<subfield code="a">Photographs.</subfield>
<subfield code="2">aat</subfield>
</datafield>
<datafield ind1="1" ind2=" " tag="700">
<subfield code="a">Emrich, Duncan,</subfield>
<subfield code="d">1908-1977,</subfield>
<subfield code="e">collector.</subfield>
</datafield>
<datafield ind1="2" ind2=" " tag="710">
<subfield code="a">Archive of Folk Song (U.S.)</subfield>
</datafield>
<datafield ind1=" " ind2=" " tag="852">
<subfield code="a">Library of Congress</subfield>
<subfield code="b">Archive of Folk Culture, American Folklife Center,</subfield>
<subfield code="e">
101 Independence Ave. S.E., Washington, DC USA 20540-4610
</subfield>
</datafield>
<datafield ind1="4" ind2="2" tag="856">
<subfield code="3">Finding aid</subfield>
<subfield code="u">http://hdl.loc.gov/loc.afc/eadafc.af998001</subfield>
</datafield>
<datafield ind1=" " ind2=" " tag="985">
<subfield code="a">afc/ead</subfield>
</datafield>
<datafield ind1=" " ind2=" " tag="985">
<subfield code="a">afc/coll</subfield>
</datafield>
</record>
</collection>